<?xml version="1.0" encoding="UTF-8"?><collection xmlns="http://www.loc.gov/MARC21/slim"><record><leader>00457nam--2200169-u-4500</leader><controlfield tag="001">000051673</controlfield><controlfield tag="002">20161230</controlfield><controlfield tag="005">20161230201049</controlfield><controlfield tag="008">080818s1000------------r-----000-0-eng-d</controlfield><datafield ind1=" " ind2=" " tag="040"><subfield code="a">IFIN-HH</subfield></datafield><datafield ind1="1" ind2=" " tag="100"><subfield code="a">Nehari, Zeev</subfield></datafield><datafield ind1="1" ind2=" " tag="245"><subfield code="a">Conformal Mapping</subfield></datafield><datafield ind1=" " ind2=" " tag="260"><subfield code="a">New York</subfield><subfield code="b">McGraw-Hill Book Company, INC</subfield><subfield code="c">1952</subfield></datafield><datafield ind1=" " ind2=" " tag="300"><subfield code="a">396 p</subfield></datafield><datafield ind1=" " ind2=" " tag="490"><subfield code="a">International Series in Pure and Applied Mathematics</subfield></datafield><datafield ind1=" " ind2=" " tag="852"><subfield code="a">18065</subfield><subfield code="c">517.53</subfield></datafield><datafield ind1=" " ind2=" " tag="CAT"><subfield code="a">Sys</subfield><subfield code="c">20080818</subfield><subfield code="h">123145</subfield></datafield></record></collection>